<?xml version="1.0" encoding="UTF-8"?>
<record xmlns="http://www.loc.gov/MARC21/slim">
  <leader>02138nam a2200289Ia 4500</leader>
  <controlfield tag="001">3637947</controlfield>
  <controlfield tag="005">20110217135100.0</controlfield>
  <controlfield tag="008">860318r18631854mau           000 0 eng d</controlfield>
  <datafield tag="010" ind1=" " ind2=" ">
    <subfield code="a">   11006758 </subfield>
  </datafield>
  <datafield tag="035" ind1=" " ind2=" ">
    <subfield code="a">(OCoLC)13307099</subfield>
  </datafield>
  <datafield tag="035" ind1=" " ind2=" ">
    <subfield code="a">ocm13307099</subfield>
  </datafield>
  <datafield tag="040" ind1=" " ind2=" ">
    <subfield code="a">JFK</subfield>
    <subfield code="c">JFK</subfield>
    <subfield code="d">WIH</subfield>
    <subfield code="d">OCLCQ</subfield>
    <subfield code="d">OCLCG</subfield>
    <subfield code="d">KRTAS</subfield>
  </datafield>
  <datafield tag="043" ind1=" " ind2=" ">
    <subfield code="a">n-us---</subfield>
  </datafield>
  <datafield tag="049" ind1=" " ind2=" ">
    <subfield code="a">BRLL</subfield>
  </datafield>
  <datafield tag="050" ind1="0" ind2=" ">
    <subfield code="a">E449</subfield>
    <subfield code="b">.B94</subfield>
  </datafield>
  <datafield tag="099" ind1=" " ind2=" ">
    <subfield code="a">5574.57 no.11</subfield>
  </datafield>
  <datafield tag="100" ind1="1" ind2=" ">
    <subfield code="a">Bunsen, Christian Karl Josias,</subfield>
    <subfield code="c">Freiherr von,</subfield>
    <subfield code="d">1791-1860.</subfield>
  </datafield>
  <datafield tag="245" ind1="1" ind2="4">
    <subfield code="a">The law of slavery in the United States /</subfield>
    <subfield code="c">by Christian Charles Josias Bunsen.</subfield>
  </datafield>
  <datafield tag="246" ind1="1" ind2="0">
    <subfield code="a">Pamphlets.Slavery.Legal aspect;</subfield>
    <subfield code="i">no.11</subfield>
  </datafield>
  <datafield tag="260" ind1=" " ind2=" ">
    <subfield code="a">Boston :</subfield>
    <subfield code="b">Little, Brown &amp; Co.,</subfield>
    <subfield code="c">1863</subfield>
    <subfield code="e">(Riverside, Cambridge :</subfield>
    <subfield code="f">H.O. Houghton)</subfield>
  </datafield>
  <datafield tag="300" ind1=" " ind2=" ">
    <subfield code="a">12 p. ;</subfield>
    <subfield code="c">19 cm.</subfield>
  </datafield>
  <datafield tag="500" ind1=" " ind2=" ">
    <subfield code="a">Reprinted from the London edition of &quot;Hippolytus and his age ...&quot; 1854.</subfield>
  </datafield>
  <datafield tag="590" ind1=" " ind2=" ">
    <subfield code="a">Boston Public Library (Boston Public Library) copy ex libris (inscription): C.C. Thayer.</subfield>
  </datafield>
  <datafield tag="590" ind1=" " ind2=" ">
    <subfield code="a">Bound volume contains: 1. State of New York, in Supreme Court, Seth W. Benedict, ads. Daniel D. Nash / by Seth Williston Benedict. -- 2. Constitutional argument against american slavery / by Gerrit Smith. -- 3. Views of American Constitutional Law in its bearing upon american slavery / by William Goodell. -- 4. The Fugitive Slave Bill: its history and unconstitutionality... . -- 5. The Fugitive Slave Law and its victims. -- 6. A sketch of the laws relating to slavery... / by George M. Strout. -- 7. The duty of disobedience to the Fugitive Slave Act... / by L. Maria Child. -- 8. Speech of John Hossack convicted of a violation of the Fugitive Slave Law... . -- 9. Rights and duties of the United States relative to slavery under the laws of the war... / by David Lee Child. -- 10. The abolition of slavery: the right of the government under the war power. -- 11. The Law of Slavery in the United States / by Christian Charles Josias Bunsen. -- 12. The Commander-in-Chief... / by Grosvenor P. Lowrey. -- 13. Illegality of slavery / by Benjamin Shaw.</subfield>
  </datafield>
  <datafield tag="650" ind1=" " ind2="0">
    <subfield code="a">Slavery</subfield>
    <subfield code="x">Law and legislation</subfield>
    <subfield code="z">United States.</subfield>
  </datafield>
  <datafield tag="700" ind1="1" ind2=" ">
    <subfield code="a">Thayer, C. C.</subfield>
    <subfield code="g">Boston Public Library,</subfield>
    <subfield code="e">former owner.</subfield>
  </datafield>
  <datafield tag="994" ind1=" " ind2=" ">
    <subfield code="a">C0</subfield>
    <subfield code="b">BRL</subfield>
  </datafield>
</record>
